<?xml version="1.0" encoding="UTF-8"?><collection xmlns="http://www.loc.gov/MARC21/slim"><record><leader>00341nam--2200121-i-4500</leader><controlfield tag="001">000043214</controlfield><controlfield tag="002">20161230</controlfield><controlfield tag="005">20161230201043</controlfield><controlfield tag="008">060222s1000------------r-----000-0-eng-d</controlfield><datafield ind1=" " ind2=" " tag="100"><subfield code="a">Surrey,A.R</subfield></datafield><datafield ind1=" " ind2=" " tag="245"><subfield code="a">Name reactions in organic chemistry. 2nd edition revised and enlarged</subfield></datafield><datafield ind1=" " ind2=" " tag="260"><subfield code="a">New York, Academic Ress, 1961. X + 278 P</subfield></datafield><datafield ind1=" " ind2=" " tag="852"><subfield code="a">16263</subfield></datafield></record></collection>